%% This BibTeX bibliography file was created using BibDesk.
%% https://bibdesk.sourceforge.io/

%% Created for Mac Tecsup at 2019-07-23 11:31:36 -0500 


%% Saved with string encoding Unicode (UTF-8) 



@book{MiningTaeho2018,
	Author = {"Taeho Jo-Text "},
	Date-Modified = {2019-07-23 11:31:35 -0500},
	Pages = {"3"},
	Plots = {"0"},
	Publisher = {"Springer"},
	Tables = {"0"},
	Title = {"Mining Concepts, Implementation, and Big Data Challenge"},
	Year = {"2018"}}

@book{WebDataMiningBing2015,
	Author = {"Bing Liu"},
	Date-Modified = {2019-07-23 11:23:46 -0500},
	Pages = {"17"},
	Plots = {"0"},
	Publisher = {"Springer"},
	Tables = {"0"},
	Title = {"Web Data Mining - Exploring Hyperlinks, Contents, and Usage Data. Second Edition"},
	Year = {"2011"}}
